

@book{/content/publication/oecd_lfs-2018-en,
   author = "OECD",
   title = "OECD Labour Force Statistics 2018",
   year = "2018",
   pages = 164,
   url = "https://www.oecd-ilibrary.org/content/publication/oecd_lfs-2018-en",
   doi = "https://doi.org/https://doi.org/10.1787/oecd_lfs-2018-en" 
}

